{
  "leader": "04457cam a2200421Ii 4500",
  "fields": [
    {
      "001": "ocn962330694"
    },
    {
      "003": "OCoLC"
    },
    {
      "005": "20220708133532.0"
    },
    {
      "008": "161107s2016\\\\\\\\sz\\\\\\\\\\\\\\b\\\\\\\\001\\0\\eng\\d"
    },
    {
      "040": {
        "ind1": "\\",
        "ind2": "\\",
        "subfields": [
          {
            "a": "ERASA"
          },
          {
            "b": "eng"
          },
          {
            "e": "rda"
          },
          {
            "c": "ERASA"
          },
          {
            "d": "OCLCO"
          },
          {
            "d": "YDX"
          },
          {
            "d": "BNG"
          },
          {
            "d": "BTCTA"
          },
          {
            "d": "YDXCP"
          },
          {
            "d": "OCLCF"
          },
          {
            "d": "BDX"
          },
          {
            "d": "UKMGB"
          },
          {
            "d": "KUWAI"
          },
          {
            "d": "OCLCO"
          }
        ]
      }
    },
    {
      "015": {
        "ind1": "\\",
        "ind2": "\\",
        "subfields": [
          {
            "a": "GBB6J1704"
          },
          {
            "2": "bnb"
          }
        ]
      }
    },
    {
      "016": {
        "ind1": "7",
        "ind2": "\\",
        "subfields": [
          {
            "a": "018115089"
          },
          {
            "2": "Uk"
          }
        ]
      }
    },
    {
      "019": {
        "ind1": "\\",
        "ind2": "\\",
        "subfields": [
          {
            "a": "950635806"
          },
          {
            "a": "950953683"
          }
        ]
      }
    },
    {
      "020": {
        "ind1": "\\",
        "ind2": "\\",
        "subfields": [
          {
            "a": "9783319408378"
          }
        ]
      }
    },
    {
      "020": {
        "ind1": "\\",
        "ind2": "\\",
        "subfields": [
          {
            "a": "3319408372"
          }
        ]
      }
    },
    {
      "035": {
        "ind1": "\\",
        "ind2": "\\",
        "subfields": [
          {
            "a": "(OCoLC)962330694"
          },
          {
            "z": "(OCoLC)950635806"
          },
          {
            "z": "(OCoLC)950953683"
          }
        ]
      }
    },
    {
      "050": {
        "ind1": "\\",
        "ind2": "4",
        "subfields": [
          {
            "a": "HV275"
          },
          {
            "b": ".G47 2016"
          }
        ]
      }
    },
    {
      "082": {
        "ind1": "0",
        "ind2": "4",
        "subfields": [
          {
            "a": "320"
          },
          {
            "b": "GER"
          }
        ]
      }
    },
    {
      "245": {
        "ind1": "0",
        "ind2": "0",
        "subfields": [
          {
            "a": "German philanthropy in transatlantic perspective :"
          },
          {
            "b": "perceptions, exchanges and transfers since the early twentieth century /"
          },
          {
            "c": "Gregory R. Witkowski, Arnd Bauerka\u0308mper, editors."
          }
        ]
      }
    },
    {
      "264": {
        "ind1": "\\",
        "ind2": "1",
        "subfields": [
          {
            "a": "Cham :"
          },
          {
            "b": "Springer International Publishing,"
          },
          {
            "c": "[2016]"
          }
        ]
      }
    },
    {
      "300": {
        "ind1": "\\",
        "ind2": "\\",
        "subfields": [
          {
            "a": "xi, 250 pages ;"
          },
          {
            "c": "25 cm."
          }
        ]
      }
    },
    {
      "336": {
        "ind1": "\\",
        "ind2": "\\",
        "subfields": [
          {
            "a": "text"
          },
          {
            "b": "txt"
          },
          {
            "2": "rdacontent"
          }
        ]
      }
    },
    {
      "337": {
        "ind1": "\\",
        "ind2": "\\",
        "subfields": [
          {
            "a": "unmediated"
          },
          {
            "b": "n"
          },
          {
            "2": "rdamedia"
          }
        ]
      }
    },
    {
      "338": {
        "ind1": "\\",
        "ind2": "\\",
        "subfields": [
          {
            "a": "volume"
          },
          {
            "b": "nc"
          },
          {
            "2": "rdacarrier"
          }
        ]
      }
    },
    {
      "490": {
        "ind1": "1",
        "ind2": "\\",
        "subfields": [
          {
            "a": "Nonprofit and civil society studies"
          }
        ]
      }
    },
    {
      "520": {
        "ind1": "8",
        "ind2": "\\",
        "subfields": [
          {
            "a": "This volume examines philanthropic practices against the backdrop of the continuities, disruptions and changes in twentieth century German socio-political relations. It presents a differentiated understanding of the relationship between philanthropy and civil society that traces this connection from Germany's first democracy, the Weimar Republic, through the Nazi dictatorship and Soviet-style rule in Communist East Germany to the stable democracy of the Federal Republic of Germany. While concentrating on Germany, this volume places German philanthropy in a triangular relationship with the United States and the developing world, primarily through Africa. In particular, the contributions to the book demonstrate that despite many transatlantic exchanges between German and American philanthropic organizations, these relationships should not be reduced to bilateral exchanges but rather seen in the context of a globalizing world. More generally, this transnational study is a reminder that philanthropic activities need to be placed into their specific historical contexts. Such an analytical framework allows for more dynamic understanding of the meaning of philanthropy in society, illustrating both enduring and changing practices."
          }
        ]
      }
    },
    {
      "505": {
        "ind1": "0",
        "ind2": "\\",
        "subfields": [
          {
            "a": "Introduction (Gregory Witkowski and Arnd Bauerka\u0308mper) -- Philanthropy: Theory and Comparison -- Foundations in Germany and the United States: Comparative Observation (Stefan Toepler) -- Philanthropic Giving: Reasons and Constellations (Frank Adloff) -- German Philanthropy in the Weimar Republic and Nazi Dictatorship -- Philanthropy, Race, and Religion: The Gustav Adolf Association and National Socialism (Kevin Cramer) -- Transnational Asymmetries. U.S. philanthropic foundations and the German School of Politics in the 1920s and 1930s (Peter Weber) -- German Philanthropy in Transatlantic Perspective -- Reintegrating Germany into the Atlantic Community: The Role of the Big American Foundations (Volker Berghahn) -- \"America\" as an Argument: References to U.S. Foundations in Debates about Scientific Funding in West-Germany from 1945 to the late 1960s (Arnd Bauerka\u0308mper) -- Reinhold Schairer and the Revival of the German Philanthropic Tradition from Weimar to the Federal Republic (Malcolm Richardson) -- Philanthropy in Divided Germany -- Charitable Giving between the State and the Market: West Germany from 1945 to the 1980s (Gabriele Lingelbach) -- From Restructuring to Dissolution to Rebuilding? Foundations and Endowments in East Germany (Thomas Adam) -- International and Transnational German Philanthropy -- \"Germans against Germans in Africa\" East German Philanthropic Aid in the Context of the Cold War (Gregory Witkowski) -- The Biafra-Crisis and the Establishment of Humanitarian Aid in West Germany as a New Philanthropic Field (Florian Hannig) -- Contemporary German MONGOs in Diani, Kenya: Two Approaches to Humanitarian Aid (Nina Berman). ."
          }
        ]
      }
    },
    {
      "650": {
        "ind1": "\\",
        "ind2": "0",
        "subfields": [
          {
            "a": "Charities"
          },
          {
            "z": "Germany"
          },
          {
            "x": "History"
          },
          {
            "y": "20th century."
          }
        ]
      }
    },
    {
      "650": {
        "ind1": "\\",
        "ind2": "7",
        "subfields": [
          {
            "a": "Charities."
          },
          {
            "2": "fast"
          },
          {
            "0": "(OCoLC)fst00852404"
          }
        ]
      }
    },
    {
      "651": {
        "ind1": "\\",
        "ind2": "7",
        "subfields": [
          {
            "a": "Germany."
          },
          {
            "2": "fast"
          },
          {
            "0": "(OCoLC)fst01210272"
          }
        ]
      }
    },
    {
      "648": {
        "ind1": "\\",
        "ind2": "7",
        "subfields": [
          {
            "a": "1900-1999"
          },
          {
            "2": "fast"
          }
        ]
      }
    },
    {
      "655": {
        "ind1": "\\",
        "ind2": "7",
        "subfields": [
          {
            "a": "History."
          },
          {
            "2": "fast"
          },
          {
            "0": "(OCoLC)fst01411628"
          }
        ]
      }
    },
    {
      "700": {
        "ind1": "1",
        "ind2": "\\",
        "subfields": [
          {
            "a": "Witkowski, Gregory R.,"
          },
          {
            "e": "editor."
          }
        ]
      }
    },
    {
      "700": {
        "ind1": "1",
        "ind2": "\\",
        "subfields": [
          {
            "a": "Bauerka\u0308mper, Arnd,"
          },
          {
            "e": "editor."
          }
        ]
      }
    },
    {
      "830": {
        "ind1": "\\",
        "ind2": "0",
        "subfields": [
          {
            "a": "Nonprofit and civil society studies."
          }
        ]
      }
    },
    {
      "994": {
        "ind1": "\\",
        "ind2": "\\",
        "subfields": [
          {
            "a": "Z0"
          },
          {
            "b": "NYRVC"
          }
        ]
      }
    },
    {
      "948": {
        "ind1": "\\",
        "ind2": "\\",
        "subfields": [
          {
            "h": "NO HOLDINGS IN NYRVC - 15 OTHER HOLDINGS"
          }
        ]
      }
    },
    {
      "999": {
        "ind1": "\\",
        "ind2": "\\",
        "subfields": [
          {
            "a": "00000000026181"
          }
        ]
      }
    }
  ]
}